@article{europea2016reglamento,
  title={Reglamento (UE) 2016/679 del Parlamento Europeo y del Consejo, de 27 de abril de 2016, relativo a la protecci{\'o}n de las personas f{\'\i}sicas en lo que respecta al tratamiento de datos personales y a la libre circulaci{\'o}n de estos datos y por el que se deroga la Directiva 95/46/CE},
  author={Unión Europea},
  howpublished="\url{https://www.boe.es/doue/2016/119/L00001-00088.pdf}",
  journal={Diario oficial de la Uni{\'o}n Europea},
  year={2016}
}

@article{lopd1999,
  title={Ley Orgánica 15/1999, de 13 de diciembre, de Protección de Datos de Carácter Personal},
  author={Jefatura del Estado},
  howpublished="\url{https://boe.es/buscar/doc.php?id=BOE-A-1999-23750}",
  journal={Boletín Oficial del Estado},
  year={2016}
}

@article{gomez2016contenido,
  title={Contenido y novedades del Reglamento General de Protecci{\'o}n de Datos de la UE (Reglamento UE 2016/679, de 27 de abril de 2016) },
  author={FH, Carlos},
  howpublished="\url{https://tinyurl.com/y7k59q7d}",
  journal={Noticias Jurídicas},
  year={2016},
}

@article{abanlex,
  title={Las 6 novedades del RGPD que te ayudar{\'a}n a adaptar tu negocio },
  author={Abanlex},
  howpublished="\url{https://tinyurl.com/y92fyeth}",
  journal={Abanlex},
  year={2017},
}


@article{signaturit,
  title={TOP 10 novedades del nuevo Reglamento Europeo de Protecci{\'o}n de Datos},
  author={Media},
  howpublished="\url{https://tinyurl.com/yauz3awg}",
  journal={Signaturit},
  year={2018},
}

@article{abogacia,
  title={La nueva LOPD},
  author={Abel Loeches Márquez},
  howpublished="\url{http://www.abogacia.es/2018/01/29/la-nueva-lopd/}",
  journal={Abogacía},
  year={2018},
}

@article{dir1535,
  title={DIRECTIVA (UE) 2015/1535 DEL PARLAMENTO EUROPEO Y DEL CONSEJO
de 9 de septiembre de 2015
por la que se establece un procedimiento de información en materia de reglamentaciones técnicas
y de reglas relativas a los servicios de la sociedad de la información (versión codificada)},
  author={Unión Europea},
  howpublished="\url{https://www.boe.es/doue/2015/241/L00001-00015.pdf}",
  journal={Diario oficial de la Uni{\'o}n Europea},
  year={2015},
}


